<record><leader>00000cas a2200000 a 4500</leader><controlfield tag="001">50218240</controlfield><controlfield tag="008">020723d19811988ilucr ne      0   a0eng c</controlfield><datafield ind1=" " ind2=" " tag="010"><subfield code="a">sn2002060738</subfield></datafield><datafield ind1=" " ind2=" " tag="040"><subfield code="a">CVF</subfield><subfield code="b">eng</subfield><subfield code="c">CVF</subfield><subfield code="d">OCLCQ</subfield><subfield code="d">OCLCF</subfield><subfield code="d">OCLCO</subfield><subfield code="d">NVF</subfield></datafield><datafield ind1=" " ind2=" " tag="042"><subfield code="a">pcc</subfield></datafield><datafield ind1=" " ind2=" " tag="043"><subfield code="a">n-us-il</subfield></datafield><datafield ind1="0" ind2=" " tag="130"><subfield code="a">Oak Brook doings (Hinsdale, Ill. : 1981)</subfield></datafield><datafield ind1="1" ind2="0" tag="245"><subfield code="a">Oak Brook doings.</subfield></datafield><datafield ind1="1" ind2="0" tag="246"><subfield code="a">Doings</subfield></datafield><datafield ind1=" " ind2=" " tag="260"><subfield code="a">Hinsdale, Ill. :</subfield><subfield code="b">Doings Newspapers,</subfield><subfield code="c">1981-1988.</subfield></datafield><datafield ind1=" " ind2=" " tag="300"><subfield code="a">v.</subfield></datafield><datafield ind1=" " ind2=" " tag="310"><subfield code="a">Semiweekly,</subfield><subfield code="b">Apr. 29-June 10, 1988.</subfield></datafield><datafield ind1=" " ind2=" " tag="321"><subfield code="a">Weekly,</subfield><subfield code="b">May 7, 1981-Apr. 27, 1988</subfield></datafield><datafield ind1="0" ind2=" " tag="362"><subfield code="a">Vol. 18, no. 37 (May 7, 1981)-v. 27, no. 33 (June 10, 1988).</subfield></datafield><datafield ind1=" " ind2="0" tag="651"><subfield code="a">Oak Brook (Ill.)</subfield><subfield code="v">Newspapers.</subfield></datafield><datafield ind1=" " ind2="7" tag="651"><subfield code="a">Illinois</subfield><subfield code="z">Oak Brook.</subfield><subfield code="2">fast</subfield><subfield code="0">(OCoLC)fst01204865</subfield></datafield><datafield ind1=" " ind2="7" tag="655"><subfield code="a">Newspapers.</subfield><subfield code="2">fast</subfield><subfield code="0">(OCoLC)fst01423814</subfield></datafield><datafield ind1=" " ind2=" " tag="752"><subfield code="a">United States</subfield><subfield code="b">Illinois</subfield><subfield code="c">DuPage</subfield><subfield code="d">Hinsdale.</subfield></datafield><datafield ind1="0" ind2="0" tag="780"><subfield code="t">Doings (Hinsdale, Ill. : Oak Brook ed. : 1980)</subfield><subfield code="w">(DLC)sn2002060737</subfield><subfield code="w">(OCoLC)50217763</subfield></datafield><datafield ind1="0" ind2="0" tag="785"><subfield code="t">Doings (Hinsdale, Ill. : Oak Brook ed. : 1988)</subfield><subfield code="w">(DLC)sn 94054494</subfield><subfield code="w">(OCoLC)30905187</subfield></datafield><datafield ind1="1" ind2=" " tag="029"><subfield code="a">AU@</subfield><subfield code="b">000023790264</subfield></datafield></record>